<?xml version="1.0" encoding="UTF-8"?>
<collection xmlns:xsi="http://www.w3.org/2001/XMLSchema-instance" xsi:schemaLocation="http://www.loc.gov/MARC21/slim http://www.loc.gov/standards/marcxml/schema/MARC21slim.xsd" xmlns="http://www.loc.gov/MARC21/slim">
<record>
  <leader>00955cam a2200253   4500</leader>
  <controlfield tag="001">2482884</controlfield>
  <controlfield tag="003">NNC</controlfield>
  <controlfield tag="005">20100222213205.0</controlfield>
  <controlfield tag="008">830120s1911    ua            000 0 arar </controlfield>
  <datafield tag="010" ind1=" " ind2=" ">
    <subfield code="a">ne 65000657 </subfield>
  </datafield>
  <datafield tag="035" ind1=" " ind2=" ">
    <subfield code="a">(OCoLC)44656811</subfield>
  </datafield>
  <datafield tag="035" ind1=" " ind2=" ">
    <subfield code="a">(OCoLC)ocm44656811</subfield>
  </datafield>
  <datafield tag="035" ind1=" " ind2=" ">
    <subfield code="9">AQD4030CU</subfield>
  </datafield>
  <datafield tag="035" ind1=" " ind2=" ">
    <subfield code="a">(NNC)2482884</subfield>
  </datafield>
  <datafield tag="040" ind1=" " ind2=" ">
    <subfield code="a">DLC</subfield>
    <subfield code="c">TKN</subfield>
    <subfield code="d">TKN</subfield>
    <subfield code="d">ZCU</subfield>
  </datafield>
  <datafield tag="050" ind1="0" ind2=" ">
    <subfield code="a">CE59</subfield>
    <subfield code="b">.M8</subfield>
  </datafield>
  <datafield tag="100" ind1="1" ind2=" ">
    <subfield code="a">Muṭīʻī, Muḥammad Bakhīt.</subfield>
  </datafield>
  <datafield tag="245" ind1="1" ind2="0">
    <subfield code="a">Kitāb ʾIrshād Ahl al-Millah ʾIlā ʾIthbāt al-ʾAhillah,</subfield>
    <subfield code="c">Taʾlīf Muḥammad Bakhīt al-Muṭīʻī. wa yalīh Kitāb al-ʻIlm al-Manshūr Fī ʾIthbāt al-Shuhūr, lil-Subkī.</subfield>
  </datafield>
  <datafield tag="260" ind1=" " ind2=" ">
    <subfield code="a">[al-Qāhirah,</subfield>
    <subfield code="c">1911]</subfield>
  </datafield>
  <datafield tag="300" ind1=" " ind2=" ">
    <subfield code="a">384, 56 p.</subfield>
    <subfield code="c">19 cm.</subfield>
  </datafield>
  <datafield tag="650" ind1=" " ind2="0">
    <subfield code="a">Islamic calendar.</subfield>
  </datafield>
  <datafield tag="700" ind1="1" ind2=" ">
    <subfield code="a">Subkī, Taqī al-Dīn ʻAlī ibn ʻAbd al-Kāfī,</subfield>
    <subfield code="d">1284-1355.</subfield>
    <subfield code="t">ʻIlm al-Manshūr fī Ithbāt al-Shuhūr.</subfield>
  </datafield>
  <datafield tag="740" ind1="0" ind2="1">
    <subfield code="a">Irshād Ahl al-Millah Ilā Ithbāt al-Ahillah.</subfield>
  </datafield>
  <datafield tag="955" ind1=" " ind2=" ">
    <subfield code="b">CU60678496</subfield>
    <subfield code="d">off,glx</subfield>
    <subfield code="e">CE59 .M8</subfield>
  </datafield>
</record>
</collection>